@manual{sample,
  author = {TU Dortmund},
  title = {Versuch zum Literaturverzeichnis},
  year = 2014
}

@online{MaWi,
	url = {https://www.tf.uni-kiel.de/matwis/amat/mw1_ge/kap_7/illustr/t7_1_2.pdf},
	urldate = {2020-11-29},
	title = {MaWi 1 Skript},
	author = {Technische Fakult√§t der Uni Kiel},
}
