@manual{sample,
  author = {TU Dortmund},
  title = {Versuchsanleitung zu Versuch US1: Grundlagen der Ultraschalltechnik}
}
