@manual{sample,
  author = {TU Dortmund},
  title = {Versuchsanleitung zu Versuch 303: Der Lock-In-Verst√§rker},
}
