@manual{anleitung,
  author = {TU Dortmund},
  title = {Versuchsanleitung: Versuch Nr. 500, Der Photoeffekt}
}
