@manual{VA,
  author = {TU Dortmund},
  title = {Versuchsanleitung: Versuch Nr.353, Das Relaxationsverhalten eines RC-Kreises},
  year = 2020
}
