@manual{sample,
  author = {TU Dortmund},
  title = {Versuchsanleitung: Versuch Nr. 703, Geiger-Müller-Zählrohr},
  year = 2014
}

@book{detektoren,
	author = {Konrad Kleinknecht},
	title = {Detektoren für Teilchenstrahlung},
	year = 2005,
	DOI = {10.1007/978-3-322-82205-5},
	publisher = {Vieweg+Teubner Verlag}
}
