@manual{sample,
  author = {TU Dortmund},
  title = {Versuchsanleitung: Versuch Nr. 354, Ged√§mpfte und erzwungene Schwingungen},
}
