@manual{sample,
  author = {TU Dortmund},
  title = {Versuchsanleitung: Versuch Nr. 302, Br√ºckenschaltung},
  year = 2014
}
