@manual{sample,
  author = {TU Dortmund},
  title = {Versuch zum Literaturverzeichnis},
  year = 2014
}

@online{chemie-vanadium,
	url = {https://www.chemie.de/lexikon/Vanadium.html},
	urldate = {2021-01-30},
	title = {Chemie.de Artikel zu Vanadium},
}

@online{internetchemie-rhodium,
	url = {https://www.internetchemie.info/isotop.php?Kern=Rh-104m},
	urldate = {2021-01-30},
	title = {Internetchemie.info Artikel zu Rhodium-104},
}
