@manual{sample,
  author = {TU Dortmund},
  title = {Versuch zum Literaturverzeichnis},
  year = 2014
}
@misc{Rohatgi2020,
  url = {https://automeris.io/WebPlotDigitizer},
  author = {Rohatgi,  Ankit},
  title = {Webplotdigitizer: Version 4.4},
  year = {2020}
}

@online{leifi,
	url = {https://www.leifiphysik.de/atomphysik/atomarer-energieaustausch/geschichte/auszuege-aus-der-originalarbeit-von-franck-und-hertz-1914},
	urldate = {2021-07-07},
	title = {Ausz√ºge aus der Originalarbeit von FRANCK und HERTZ (1914)},
	author = {Leifi Physik},
	year = {2021},
}

