@manual{anleitung,
  author = {TU Dortmund},
  title = {Versuchsanleitung: Versuch Nr. 401, Das Michelson-Interferometer}
}
@online{reflactiveindex,
	url = {https://refractiveindex.info/?shelf=other&book=air&page=Ciddor},
	urldate = {2021-05-08},
	title = {ReflactiveIndex.info},
	author = {Mikhail Polyanskiy},
	year = {2021},
}
