@book{handbuch,
	title = {D’Ans-Lax Taschenbuch für Chemiker und Physiker},
	author = {K. Schäfer, C. Synowietz},
	year = 1998,
	doi = 10.1007/978-3-662-01008-2,
	publisher = {Springer-Verlag Berlin Heidelberg},
}
