@manual{anleitung,
  author = {TU Dortmund},
  title = {Versuchanleitung zu Versuch 206},
  year = 2014
}
