@manual{sample,
title = {Messdaten und Hinweise zum Versuch Roentgenemission und -absorption},
organization = {Fakultät Phyik, TU Dortmund},
}


@online{Chemie.de-Wärmekapazität,
url = {https://www.chemie.de/lexikon/Spezifische_W\%C3\%A4rmekapazit\%C3\%A4t.html},
urldate = {2020-11-01},
title = {Literaturwert für spezifische Wärmekapazität von Wasser},
year = {2020},
}

@manual{V602,
title = {Versuchsanleitung, {V602: Röntgenemission und -absorption}},
organization = {Fakultät Phyik, TU Dortmund},
}

@online{physics.nist-Absorptionsenergie,
url = {https://physics.nist.gov/cgi-bin/XrayTrans/search.pl?element=Cu&trans=All&lower=&upper=&units=eV},
urldate = {2021-05-03},
title = {Absorptionsenergie für Kupfer},
year = {2021},
}

@online{ld-didactic.de,
url = {https://www.ld-didactic.de/literatur/hb/d/p6/p6354_d.pdf},
urldate = {2021-05-04},
title = {Energien der K-Linien Kupfer},
year = {2021},
}

@online{wissen,
url = {https://wissen.science-and-fun.de/tabellen-fur-spektroskopiker/wellenlaengen-und-anregungsenergien-von-k-und-l-absorptionskanten/},
urldate = {2021-05-04},
title = {Literaturwerte der K-Kanten},
year = {2021},
}
