@manual{sample,
  author = {TU Dortmund},
  title = {Versuch zum Literaturverzeichnis},
  year = 2014
}

@manual{anleitung,
  author = {TU Dortmund},
  title = {Versuchanleitung zu Versuch 203},
  year = 2014
}
