@manual{versuchsanleitung,
  author = {TU Dortmund},
  title = {Versuchsanleitung zu Versuch 606: Messung der Suszeptibilit√§t paramagnetischer Substanzen},
}
