@manual{603,
title = {Versuchsanleitung,V603: Compton-Effekt},
organization = {Fakult√§t Phyik, TU Dortmund},
}