@manual{400,
title = {Versuchsanleitung, V400: Reflexion, Brechung und Beugung},
organization = {Fakultät Phyik, TU Dortmund},
}

@online{cosmos-indirekt,
url = {https://physik.cosmos-indirekt.de/Physik-Schule/Brechungsindex},
urldate = {2021-06-22},
title = {Brechungsindex der Luft und anderer Stoffe},
year = {2021},
}

@online{frustfrei,
url = {https://www.frustfrei-lernen.de/optik/licht-wellenlaenge.html},
urldate = {2021-06-22},
title = {Licht Wellenlänge},
year = {2019},
}
